01REMESSA01COBRANCA       00000000000000099999EMPRESA TESTE                 237BRADESCO       060623        MX0002165                                                                                                                                                                                                                                                                                     000001
1000000000000000000000090238402871556                         0002000500061551964500000000002N           0  01000000000020112300000000001200000000001N060623000000000000000002011230000000000001000000000000000000000000000100011450826024NOME COMPLETO                           RUA EXEMPLO, SP, SP                                 71676040                                                            000002
9                                                                                                                                                                                                                                                                                                                                                                                                         000003